@article{chen18,
	title = {Understanding metric-based detectable smells in Python software: A comparative study},
	journal = {Information and Software Technology},
	volume = {94},
	pages = {14-29},
	year = {2018},
	issn = {0950-5849},
	doi = {https://doi.org/10.1016/j.infsof.2017.09.011},
	url = {https://www.sciencedirect.com/science/article/pii/S0950584916301690},
	author = {Zhifei Chen and Lin Chen and Wanwangying Ma and Xiaoyu Zhou and Yuming Zhou and Baowen Xu}}


@inproceedings{golendukhina22,
	author = {Valentina Golendukhina and Valentina Lenarduzzi and Michael Felderer},
	booktitle = {International Conference on AI Engineering - Software Engineering for AI},
	pages = {1--9},
	series = {CAIN'22},
	title = {What is Software Quality for AI Engineers? Towards a Thinning of the Fog},
	year = {2022}}

@article{hoffman20,
  title={Acme: A research framework for distributed reinforcement learning},
  author={Hoffman, Matt and Shahriari, Bobak and Aslanides, John and Barth-Maron, Gabriel and Behbahani, Feryal and Norman, Tamara and Abdolmaleki, Abbas and Cassirer, Albin and Yang, Fan and Baumli, Kate and others},
  journal={arXiv preprint arXiv:2006.00979},
  year={2020}}

@inproceedings{islam20,
  title={Repairing deep neural networks: Fix patterns and challenges},
  author={Islam, Md Johirul and Pan, Rangeet and Nguyen, Giang and Rajan, Hridesh},
  booktitle={2020 IEEE/ACM 42nd International Conference on Software Engineering},
  pages={1135--1146},
  series={ICSE'20},
  year={2020},
  organization={IEEE}}
  
@inproceedings{jebnoun20,
  title={The scent of deep learning code: An empirical study},
  author={Jebnoun, Hadhemi and Ben Braiek, Houssem and Rahman, Mohammad Masudur and Khomh, Foutse},
  booktitle={Proceedings of the International Conference on Mining Software Repositories},
  series={MSR'20},
  pages={420--430},
  year={2020}}

@article{menzies19,
  title={{The five laws of SE for AI}},
  author={Menzies, Tim},
  journal={IEEE Software},
  volume={37},
  number={1},
  pages={81--85},
  year={2019},
  publisher={IEEE}}	
  
@inproceedings{mezini21,
	author = {Mezini, Mira},
	title = {Programming and Execution Models for next Generation Code Intelligence Systems (Keynote)},
	year = {2021},
	isbn = {9781450385626},
	publisher = {ACM},
	address = {New York, NY, USA},
	url = {https://doi.org/10.1145/3468264.3478688},
	doi = {10.1145/3468264.3478688},
	booktitle = {Proceedings of the ACM Joint Meeting on European Software Engineering Conference and Symposium on the Foundations of Software Engineering},
	pages = {1–2},
	numpages = {2},
	location = {Athens, Greece},
	series = {ESEC/FSE 2021}}

@techreport{murphy06,
  title={A framework for quality assurance of machine learning applications},
  author={Murphy, Christian and Kaiser, Gail E and Arias, Marta},
  institution = {Columbia University},
  number = {CUCS-034-06},
  year={2006}}
  
@webpage{pyguide,
	lastchecked = {26/12/2022},
	month = {12},
	year = {2022},
	url = {https://google.github.io/styleguide/pyguide.html}}

@article{pdr22,
  title={Code smells detection and visualization: a systematic literature review},
  author={{Pereira dos Reis}, Jos{\'e} and Brito e Abreu, Fernando and de Figueiredo Carneiro, Glauco and Anslow, Craig},
  journal={Archives of Computational Methods in Engineering},
  volume={29},
  number={1},
  pages={47--94},
  year={2022},
  publisher={Springer}}

@inproceedings{seaman12,
  author={Seaman, Carolyn and Guo, Yuepu and Zazworka, Nico and Shull, Forrest and Izurieta, Clemente and Cai, Yuanfang and Vetrò, Antonio},
  booktitle={International Workshop on Managing Technical Debt}, 
  series = {MTD'12},
  title={Using technical debt data in decision making: Potential decision approaches}, 
  year={2012},
  pages={45-48},
  doi={10.1109/MTD.2012.6225999}}
  
@inproceedings{sculley15,
  author = {Sculley, D. and Holt, Gary and Golovin, Daniel and Davydov, Eugene and Phillips, Todd and Ebner, Dietmar and Chaudhary, Vinay and Young, Michael and Crespo, Jean-Fran\c{c}ois and Dennison, Dan},
  booktitle = {Advances in Neural Information Processing Systems},
  editor = {C. Cortes and N. Lawrence and D. Lee and M. Sugiyama and R. Garnett},
  pages = {},
  series = {NIPS'15},
  publisher = {Curran Associates, Inc.},
  title = {Hidden Technical Debt in Machine Learning Systems},
  url = {https://proceedings.neurips.cc/paper/2015/file/86df7dcfd896fcaf2674f757a2463eba-Paper.pdf},
  volume = {28},
  year = {2015}}	

@inproceedings{sun17,
  title={An empirical study on real bugs for machine learning programs},
  author={Sun, Xiaobing and Zhou, Tianchi and Li, Gengjie and Hu, Jiajun and Yang, Hui and Li, Bin},
  booktitle={2017 24th Asia-Pacific Software Engineering Conference (APSEC)},
  pages={348--357},
  year={2017},
  organization={IEEE}}
  
@book{suryanarayana14,
  title={Refactoring for software design smells: managing technical debt},
  author={Suryanarayana, Girish and Samarthyam, Ganesh and Sharma, Tushar},
  year={2014},
  publisher={Morgan Kaufmann}}
  
@inproceedings{sztwiertnia21,
	author = {Sztwiertnia, Sebastian and Gr\"{u}bel, Maximilian and Chouchane, Amine and Sokolowski, Daniel and Narasimhan, Krishna and Mezini, Mira},
	title = {Impact of Programming Languages on Machine Learning Bugs},
	year = {2021},
	isbn = {9781450385411},
	publisher = {ACM},
	address = {New York, NY, USA},
	url = {https://doi.org/10.1145/3464968.3468408},
	doi = {10.1145/3464968.3468408},
	pages = {9–12},
	numpages = {4},
	location = {Virtual, Denmark},
	series = {AISTA'21}}

@inproceedings{vanoort21,
  title={The Prevalence of Code Smells in Machine Learning projects},
  author={van Oort, Bart and Cruz, Lu{\'\i}s and Aniche, Maur{\'\i}cio and van Deursen, Arie},
  booktitle={IEEE/ACM Workshop on AI Engineering-Software Engineering for AI},
  series = {WAIN'21},
  pages={1--8},
  year={2021},
  organization={IEEE}
}

@inproceedings{wang20,
  title={Better code, better sharing: on the need of analyzing jupyter notebooks},
  author={Wang, Jiawei and Li, Li and Zeller, Andreas},
  booktitle={Proceedings of the ACM/IEEE International Conference on Software Engineering: New Ideas and Emerging Results},
  series={ICSE:NIER'20},
  pages={53--56},
  year={2020}}	
  
@inproceedings{zhang18,
  title={An empirical study on TensorFlow program bugs},
  author={Zhang, Yuhao and Chen, Yifan and Cheung, Shing-Chi and Xiong, Yingfei and Zhang, Lu},
  booktitle={Proceedings of the International Symposium on Software Testing and Analysis},
  pages={129--140},
  series={ISSTA'18},
  year={2018}}
  
@inproceedings{zhang22,
   title={Code Smells for Machine Learning Applications},
   author={Zhang, Haiyin and Cruz, Lu{\'\i}s and van Deursen, Arie},
   booktitle={International Conference on AI Engineering - Software Engineering for AI},
   series={CAIN'22},
   pages={1--12},
   year={2022}}